1987 3006
323 184 441 241 detur
463 191 567 239 mihi
593 188 776 254 praeclara
812 191 1020 236 Saxonum
1050 193 1194 246 Gens,
1232 206 1322 253 quae
1355 192 1665 239 Germanorum
1689 193 1818 241 cultiil

323 261 423 309 fima
441 292 454 316 ‚-
492 269 536 307 δε
567 261 672 323 pacis
703 267 747 306 ὃς
776 259 867 305 belli
896 258 1048 304 artibus
1075 276 1119 305 ac
1152 257 1352 322 disciplinc‘i
1384 262 1437 308 ita
1472 262 1644 319 florens,
1680 277 1725 308 ut
1761 281 1820 309 re·

323 347 417 378 rum
451 327 651 392 gestarum
695 329 856 394 gloria,
890 341 936 374 ut
965 327 1192 391 opulentia,
1223 330 1321 375 nulli
1368 331 1594 388 concedas,
1628 330 1817 378 industria

321 399 455 462 paucis
476 434 490 453 ‚
527 395 643 461 quod
666 415 762 444 cum
788 415 831 444 ea
853 398 895 443 in
927 396 992 443 Te
1036 397 1097 444 vis
1137 398 1423 459 ingeniorum,
1459 418 1504 447 ea
1550 399 1744 447 dostrinae
1772 399 1821 447 sit

320 468 407 514 laus
423 503 437 522 ,
477 465 542 512 Te
570 466 791 530 aliquando
812 461 1050 528 respiciens,
1076 464 1126 511 ad
1150 464 1361 513 sanitatem
1385 484 1471 514 non
1493 468 1656 526 redeas,
1687 469 1821 516 istam-

319 551 402 598 que
434 548 617 581 mentem
636 534 916 582 &obsoletam
932 532 1258 597 superstitionem
1276 553 1362 582 non
1378 553 1497 585 exuas
1516 572 1526 583 .
1563 537 1819 602 Quanquam

319 602 376 651 est
399 620 526 650 nemo
542 603 751 661 vestrt'im,
786 617 832 649 ut
864 601 1039 649 arbitror
1059 640 1073 658 ,
1108 618 1177 649 aut
1199 605 1253 651 ita
1286 619 1426 652 mente
1460 606 1684 654 obcaecatus
1703 640 1717 664 ,
1752 620 1823 653 aut

320 686 438 720 tanto
463 686 607 719 contra
641 675 736 719 Nos
761 671 857 718 odio
888 671 1164 719 inflammatus
1182 706 1197 730 ,
1233 675 1304 737 qui
1331 691 1419 720 non
1445 674 1653 721 interdum
1678 675 1717 722 se
1738 675 1821 722 col-

318 741 442 804 ligat,
479 742 549 804 qui
579 742 824 797 veritatem,
860 757 883 785 a
917 759 997 805 qua
1027 740 1221 798 descivit,
1258 759 1346 789 non
1390 744 1679 808 recognoscat.
1717 744 1819 799 Est,

318 808 375 855 est
403 810 447 855 in
477 810 627 856 animis
654 810 871 865 omnium,
907 807 1067 857 accensa
1096 809 1252 873 semper
1274 820 1316 858 δε
1333 812 1534 875 flagrans,
1569 810 1755 876 qucedarn
1773 812 1822 858 de

319 877 440 924 Caelo
463 877 595 924 hausta
618 878 685 924 lux
702 916 716 934 ‚
752 895 879 942 quam
903 879 932 926 fi
957 877 1162 926 consulere
1183 912 1196 935 ,
1231 881 1274 925 in
1305 898 1431 944 quam
1460 881 1489 927 si
1509 898 1672 927 cernere
1699 895 1823 944 atque

315 947 463 994 intueri
496 947 699 1005 velimus,
734 945 947 1009 profecte),
983 949 1109 996 veluti
1141 966 1192 994 ex
1222 948 1450 1012 improviso
1499 948 1588 996 solis
1635 948 1821 1012 adspeftu

315 1014 653 1079 expergiscimur,
689 1017 742 1062 ita
763 1010 814 1062 ab
844 1033 978 1062 errore
1012 1017 1297 1064 liberaremur.
1337 1018 1466 1065 Sensit
1502 1017 1676 1066 excelsus
1694 1018 1821 1064 ille&

313 1083 364 1130 ad
392 1086 605 1132 veritatem
630 1082 831 1130 formatus
861 1085 1034 1149 Augusti
1061 1087 1242 1144 animus,
1280 1095 1324 1133 &
1359 1089 1509 1151 agitare
1540 1086 1701 1133 consilia
1732 1104 1821 1134 coe-

313 1153 402 1215 pit,
438 1151 628 1215 perdendi
662 1152 822 1215 prorsus
868 1153 1161 1218 abjiciendique
1211 1173 1352 1219 pravas
1384 1171 1504 1219 atque
1537 1154 1742 1202 deformes
1770 1153 1820 1200 de

312 1221 536 1284 Religione
551 1222 790 1283 opiniones,
818 1238 916 1285 quas
954 1223 1174 1285 puerilibus
1210 1226 1324 1271 annis
1359 1224 1573 1271 imbiberat
1599 1257 1609 1268 .
1643 1221 1821 1271 Aversa-

312 1288 434 1336 batur
471 1291 670 1336 nimirum
702 1292 864 1355 egregia
889 1292 1081 1355 Principis
1118 1291 1274 1339 indoles
1329 1291 1607 1339 doctrinarum
1651 1308 1821 1355 perver-

311 1357 470 1404 sitatem
505 1373 625 1422 atque
664 1360 947 1406 incostantiam
980 1393 996 1417 ,
1033 1368 1077 1406 &
1119 1360 1325 1424 suspiciosa
1365 1376 1449 1408 erat
1484 1362 1537 1408 illi
1568 1363 1611 1407 in
1658 1361 1819 1406 summa

310 1424 586 1489 superstitione
612 1426 772 1474 summa
797 1427 984 1491 peccandi
1012 1429 1172 1475 licentia
1192 1467 1206 1485 ‚
1242 1444 1364 1493 atque
1381 1463 1396 1486 ,
1431 1443 1475 1475 ut
1515 1428 1677 1487 audivi,
1713 1430 1818 1475 inter

309 1495 383 1541 alia
420 1494 725 1552 demirabatur,
761 1496 998 1559 potestatem
1043 1501 1258 1544 Sacrorum
1287 1498 1337 1544 ad
1372 1499 1512 1561 Regni
1549 1498 1635 1558 jura
1684 1496 1820 1544 tradu‹

309 1565 420 1609 <fitam
440 1598 449 1607 .
486 1566 590 1610 Non
609 1565 661 1609 illi
685 1578 853 1621 tamen,
882 1566 1031 1613 eximia*
1050 1569 1240 1629 quamvis
1270 1581 1394 1629 atque
1423 1565 1813 1630 praestantinatura,

307 1648 398 1678 non
427 1632 481 1685 est
507 1633 690 1680 humano
713 1633 905 1690 consilio,
941 1633 1007 1680 sed
1041 1638 1140 1681 Deo
1180 1636 1362 1697 Optimo
1399 1637 1595 1681 Maximo
1642 1633 1819 1682 referen-

304 1699 412 1745 dum
436 1713 675 1762 acceptum,
710 1700 824 1762 quod
849 1720 991 1747 veram
1018 1701 1192 1766 denique
1224 1704 1492 1765 Religionem
1509 1704 1667 1758 inierit,
1702 1700 1816 1765 quod

307 1781 424 1814 tanto
454 1769 642 1831 Principe
660 1766 709 1813 ad
746 1771 844 1812 Nos
874 1784 1061 1831 recepto,
1085 1785 1196 1816 tanta
1228 1774 1431 1815 Romanae
1463 1769 1648 1817 Ecclesiae
1673 1769 1722 1816 sit
1758 1768 1818 1815 fa-

307 1837 372 1881 sta
401 1834 528 1881 laudis
562 1850 686 1896 atque
725 1835 906 1880 utilitatis
935 1835 1138 1880 acceffio.
1189 1840 1307 1880 Deus
1356 1839 1466 1881 enim
1486 1868 1501 1891 ,
1539 1842 1683 1893 Deus,
1720 1853 1813 1882 earn

306 1902 362 1949 illi
389 1917 574 1949 mentem
600 1901 736 1962 injecit
755 1935 770 1959 ,
805 1902 869 1948 ille
899 1903 1054 1949 volenti
1080 1902 1255 1965 praetulit
1287 1900 1391 1949 faces
1410 1940 1424 1957 ,
1472 1901 1813 1969 adumbratasque

305 1972 389 2034 jam
419 1971 600 2018 veritatis
632 1969 915 2033 intelligentias
953 1971 1114 2018 evolvit
1147 1984 1270 2033 atque
1315 1968 1511 2018 enudavit
1534 2009 1546 2026 ‚
1586 1980 1630 2018 &
1651 1972 1705 2020 ab
1735 1974 1813 2019 im-

306 2040 421 2086 mani
454 2037 752 2101 superstitione,
787 2054 914 2100 quam
954 2036 1070 2084 furor
1106 2055 1234 2085 caecus
1268 2045 1313 2084 δέ
1340 2041 1516 2101 corporis
1551 2040 1804 2105 indulgentia

304 2114 350 2154 δε
376 2106 617 2170 obsequium
648 2106 818 2152 immisit
837 2107 881 2151 in
907 2121 1066 2153 mentes
1099 2107 1348 2165 hominum,
1374 2107 1423 2154 ad
1454 2108 1707 2171 puriffimam
1735 2127 1810 2156 no-

307 2175 394 2221 strae
423 2175 535 2221 Fidei
567 2173 814 2238 disciplinam
843 2173 1051 2233 traduxit,
1082 2175 1280 2239 illumque
1311 2194 1407 2223 cum
1439 2177 1628 2240 potestate
1655 2178 1808 2226 Christi

303 2244 465 2290 Vicaria
483 2276 498 2300 ,
535 2260 626 2308 quae
655 2259 870 2307 nunquam
895 2240 1015 2291 fallax
1052 2243 1106 2291 est
1129 2245 1312 2294 veritatis
1336 2247 1557 2309 interpres,
1596 2264 1689 2312 quae
1715 2264 1807 2293 mo-

305 2327 400 2357 rum
429 2311 580 2361 vindex
614 2320 657 2359 &
685 2312 936 2377 castigatrix,
971 2312 1094 2360 stabili
1121 2331 1229 2361 nexu
1261 2315 1558 2364 reconciliavit.
1596 2318 1702 2367 Quis
1716 2331 1805 2378 per-

307 2376 418 2442 sequi
443 2394 513 2427 aut
538 2399 747 2445 exaequare
771 2380 943 2429 dicendo
989 2381 1115 2446 possit
1156 2382 1453 2446 jucunditatem
1498 2385 1644 2432 laetitiae
1662 2422 1675 2439 ,
1711 2399 1802 2447 quse

308 2447 536 2498 universam
567 2450 787 2500 Ecclesiam
800 2484 816 2512 ,
850 2469 942 2518 quae
972 2453 1130 2502 Gentes
1158 2460 1203 2500 &
1227 2466 1348 2503 terras
1373 2470 1518 2504 omnes
1550 2454 1600 2503 ab
1626 2452 1689 2501 illa
1702 2451 1804 2499 stan-

1195 2524 1239 2569 A
1277 2539 1303 2583 ς
1718 2534 1801 2586 ‘essi
