1987 3006
238 213 317 253 tes,
353 208 438 241 tam
467 205 657 254 exoptato
692 189 845 236 nuncio
870 191 1062 253 pervasit.
1099 192 1188 238 Vos
1214 206 1296 255 ego
1319 188 1435 237 testes
1454 193 1608 256 appello
1643 197 1738 244 Ma⁴

239 284 309 313 ncs
335 280 456 327 atque
484 260 664 308 Umbrae
693 257 915 323 priscorum
951 263 1162 308 Saxonum
1183 294 1197 318 ,
1235 268 1279 307 ὃς
1310 263 1405 308 Vos
1444 262 1633 310 Caelestes
1667 265 1744 310 im-

238 331 511 395 mortalesque
530 333 698 376 Mentes
729 331 938 385 &Cenii,
974 331 1044 393 qui
1064 327 1247 377 salutares
1279 345 1400 394 atque
1423 330 1636 391 praesentes
1653 333 1743 380 estis

237 404 491 457 Provinci.e,
527 400 589 445 cui
624 397 710 461 post
738 399 879 446 acerba
911 399 976 445 illa
1001 414 1185 463 tempora
1211 399 1342 446 nullus
1372 412 1443 446 aut
1479 401 1605 447 laetior
1659 401 1744 449 dies

237 486 307 520 aut
336 470 487 518 felicior
513 484 699 532 unquam
729 468 890 525 illuxit,
922 468 1084 525 nullus,
1128 470 1200 532 qui
1237 469 1368 531 magis
1409 484 1581 532 acceptae
1623 470 1744 518 cladis

237 542 387 588 damna
423 536 604 603 pensaret
627 572 639 584 .
674 534 754 600 lpfiz
786 538 1056 601 Templorum
1081 551 1271 585 veterum
1301 537 1536 596 simulacra,
1558 542 1738 602 Araeque

241 610 332 674 ipsa:
353 614 570 656 Sacrorum
587 640 601 663 ,
617 605 856 670 quanquzim
878 620 946 654 aut
980 607 1226 663 exturbatae,
1261 621 1329 653 aut
1360 606 1509 654 eversae
1524 645 1538 662 ,
1558 605 1598 653 se
1620 625 1744 654 com-

240 680 411 727 movisse
429 695 451 724 e
471 679 619 733 ruinis,
655 690 778 739 atque
794 675 936 740 gestire
954 675 1046 722 sunt
1073 675 1166 724 visae
1183 711 1192 719 .
1232 677 1301 722 Tu
1327 676 1454 732 vero,
1488 676 1618 740 qudm
1648 693 1741 740 gra-

240 749 388 795 tulatus
420 765 461 793 es
494 746 617 800 Tibi,
648 747 826 792 maxime
859 743 1068 808 Leopolde
1104 743 1239 791 Caesar
1275 748 1502 807 Imperator
1522 783 1536 801 ‚
1572 762 1667 792 cum
1704 743 1745 791 id

239 818 455 880 contigerit
482 814 676 870 tandem,
715 813 827 878 quod
853 816 961 862 votis
994 813 1189 860 omnibus
1222 831 1263 860 es
1292 827 1472 876 precatus
1492 852 1506 869 ‚
1541 815 1650 874 cujus
1671 814 1742 859 Tu

239 886 386 933 author
426 883 578 930 consilii
609 881 738 930 fueras
770 921 784 938 ,
821 897 866 929 ut
892 882 942 930 ad
977 885 1219 929 Romanam
1248 881 1468 929 Ecclesiam
1502 879 1553 932 se,
1577 879 1743 943 recepis-

239 954 296 1001 set
326 952 562 1017 Augustus,
600 969 726 1015 quem
757 966 873 1014 grato
905 953 1076 1007 animo,
1109 969 1235 1014 quem
1263 950 1411 1013 insigni
1457 948 1744 999 benevolenti&

241 1022 568 1086 prosequebaris.
605 1021 703 1081 Ejus
747 1021 814 1066 Tu
842 1037 991 1082 nempe
1016 1017 1142 1065 fidem
1188 1014 1309 1081 atque
1356 1019 1555 1065 virtutem
1602 1034 1746 1081 exper-

240 1106 336 1147 tus,
372 1106 468 1135 cum
494 1105 619 1134 nemo
655 1104 809 1150 unqam
840 1088 936 1134 Tibi
972 1087 1093 1132 hostis
1118 1085 1272 1144 fuerit,
1307 1103 1434 1149 quem
1463 1103 1551 1133 non
1588 1094 1632 1132 &
1680 1085 1745 1132 ille

238 1159 477 1221 susceperit,
511 1159 556 1204 in
586 1173 712 1220 quem
745 1156 796 1203 ab
839 1156 907 1202 illo
949 1155 1014 1203 vel
1061 1157 1221 1218 copias,
1249 1155 1315 1203 vel
1356 1169 1639 1211 commeatus,
1677 1154 1743 1202 vel

240 1225 368 1290 ipsam
395 1227 603 1273 dexteram
640 1243 736 1272 cum
766 1227 902 1288 capitis
928 1226 1052 1272 etiam
1084 1224 1142 1270 sui
1171 1224 1389 1272 devotione
1406 1258 1422 1280 ,
1440 1224 1746 1271 desideraveris.

241 1300 437 1346 Quorum
454 1297 670 1359 egregium
686 1293 785 1340 illud
801 1294 1143 1340 commemorabo
1168 1310 1253 1339 non
1271 1295 1314 1339 in
1330 1294 1401 1341 Te
1426 1295 1622 1340 meritum
1657 1306 1747 1339 tan⁴

241 1365 333 1411 tum
348 1397 362 1420 ,
399 1363 521 1410 sedin
539 1362 813 1410 Chnstianam
833 1367 981 1426 Remp.
999 1363 1112 1426 quod
1128 1381 1224 1409 cum
1240 1362 1403 1409 duobus
1425 1372 1469 1410 δεῖ
1499 1359 1747 1408 difficillimis

242 1431 408 1497 quidem
425 1432 535 1478 bellis
550 1431 797 1494 impedireris
814 1464 829 1485 ,
866 1432 1006 1479 venire
1024 1447 1112 1477 non
1127 1429 1323 1478 recusavit
1341 1430 1551 1495 Augustus
1565 1432 1607 1476 in
1624 1429 1749 1476 socie-

242 1515 370 1549 tatem
386 1501 546 1564 periculi
563 1514 684 1564 atque
696 1499 888 1555 fortunae,
902 1508 946 1548 ὅ(
961 1501 1114 1564 magnii
1129 1498 1426 1563 leastiss'lmiique
1438 1502 1605 1547 luorum
1619 1515 1748 1545 manu

244 1571 394 1618 auxilio
422 1572 465 1616 in
501 1570 656 1616 Turcas
693 1568 864 1615 adduct&
894 1569 1020 1625 Tibi,
1055 1569 1296 1633 quanqualm
1338 1570 1468 1615 alieno
1507 1568 1600 1615 loco
1641 1564 1749 1630 apud

243 1638 477 1685 Temefiam
508 1636 737 1702 congressus
756 1676 769 1692 ‚
807 1638 862 1684 ita
893 1639 1116 1701 pugnavit,
1153 1652 1199 1684 ut
1250 1639 1405 1700 ingenti
1438 1637 1575 1698 praelio
1601 1635 1751 1691 ‚hostes

242 1705 419 1761 fuderit,
455 1715 497 1751 ὃς
528 1707 630 1751 bene
660 1704 907 1769 feliciterque
939 1721 982 1751 re
1010 1707 1119 1767 gestz‘i
1148 1719 1281 1750 totam
1308 1706 1528 1750 Pannonici
1561 1703 1660 1749 Belli
1690 1719 1752 1749 ra-

245 1776 405 1821 tionem
433 1789 559 1837 plope
589 1774 788 1835 explicarit
806 1805 820 1827 ,
852 1783 895 1818 δε
926 1774 1078 1833 magn&
1111 1775 1175 1818 Te
1208 1786 1318 1832 parte
1348 1786 1482 1819 metus
1527 1786 1650 1834 atque
1677 1767 1751 1816 dis-

244 1843 426 1889 criminis
450 1842 650 1886 liberarit.
688 1839 818 1888 Quod
846 1837 876 1883 fi
908 1841 1130 1885 Romanos
1165 1842 1393 1902 accepimus
1419 1842 1475 1884 ob
1514 1853 1579 1884 tot
1622 1843 1752 1886 virtu«

246 1924 339 1956 tum
370 1909 567 1971 imagines
594 1924 686 1953 eam
715 1914 758 1952 &
791 1924 1002 1952 armorum
1032 1907 1267 1954 felicitatem
1313 1915 1357 1952 &
1407 1908 1572 1968 Imperii
1607 1906 1750 1967 ampli*

246 1977 434 2024 tudinem
463 1972 760 2037 consequutos,
797 1991 867 2018 cur
895 1975 1017 2019 etiam
1063 1976 1264 2036 praeclaras
1307 1974 1389 2019 illas
1431 1972 1750 2037 excellentesque

248 2048 449 2099 virtutes,
487 2060 586 2106 quas
613 2044 656 2088 in
686 2040 879 2103 Augusto
904 2041 1134 2105 Religionis
1169 2041 1341 2088 accessio
1375 2039 1618 2105 perfecerat,
1661 2045 1748 2088 Re-

247 2117 318 2180 gio
346 2113 465 2159 titulo
496 2123 768 2157 remuneratas
817 2108 1029 2170 aui‘i’casque
1061 2109 1172 2155 fuiffe
1201 2127 1224 2154 a
1257 2113 1356 2154 Deo
1397 2125 1486 2155 non
1527 2123 1748 2172 putemuS,

249 2181 469 2248 praesertim
498 2198 592 2227 cum
624 2178 665 2225 id
690 2179 736 2225 in
759 2180 964 2239 Regnum
992 2174 1112 2222 fuerit
1139 2190 1332 2224 evocatus
1348 2209 1363 2233 ‚
1398 2194 1484 2240 quo
1504 2177 1661 2224 nullum
1680 2177 1751 2225 be-

250 2254 388 2316 nignae
412 2250 512 2296 illius
527 2264 649 2313 atque
665 2245 862 2310 praestanti
879 2259 1031 2292 naturae
1061 2243 1189 2310 posset
1213 2246 1561 2292 accommodatius
1579 2243 1747 2309 effingi}

248 2321 506 2368 Polonorum
520 2353 533 2375 ,
551 2320 621 2381 qui
640 2313 851 2382 quondam
869 2318 1059 2362 Sarmatae
1073 2347 1088 2372 ,
1106 2317 1225 2361 Gens
1242 2314 1425 2361 bellicosa
1459 2323 1502 2360 &
1533 2315 1747 2378 magnani-

248 2407 332 2446 ma,
350 2390 559 2452 Regiones
576 2388 765 2433 obtinens
783 2383 934 2431 fertiles
954 2391 998 2430 &
1013 2383 1259 2447 aequiffimas
1271 2383 1417 2447 ‚longe
1432 2383 1592 2447 lateque
1610 2399 1747 2446 porre-

249 2460 347 2517 «aas,
366 2457 436 2505 sita
453 2456 612 2507 videtur
625 2454 701 2504 else
715 2453 841 2521 prope
856 2452 1052 2503 divinitus
1071 2454 1112 2500 in
1131 2451 1348 2499 Christiani
1365 2455 1528 2518 Imperii
1544 2452 1742 2500 limitibus

1688 2517 1738 2567 ad
