1987 3006
907 175 1057 236 (XII.

241 262 329 295 non
355 240 609 292 fruStuosum
629 259 799 300 ,verum
827 242 867 290 se
887 243 1018 308 ipsum
1046 181 1197 310 lgegno
1215 283 1228 301 ,
1255 246 1437 293 maximo
1452 246 1494 293 in
1508 243 1645 294 fructu
1673 246 1749 297 effe

241 315 467 382 gloriosum
499 313 770 361 existimabat.
808 317 964 361 Extant
994 330 1143 363 aeterna
1174 314 1276 363 illius
1316 314 1527 363 benefacta
1571 319 1614 363 in
1656 319 1747 364 uni-

241 384 400 434 versam
427 385 673 441 Saxoniam,
708 385 850 431 erectae
875 398 1010 441 artes,
1043 386 1254 433 instaurata
1284 385 1535 452 gymnasia,
1570 385 1748 450 amplifi-

241 470 379 504 catum
405 455 732 511 commercium,
767 454 1026 518 vestigalium
1075 456 1132 503 ita
1173 473 1232 502 res
1275 455 1520 515 constituta,
1572 470 1618 503 ut
1662 456 1747 505 fine

242 527 395 573 Gentis
429 524 591 588 querela
630 540 805 589 magnos
849 525 1042 571 exercitus
1081 525 1182 572 alere
1224 526 1481 573 continenter
1525 528 1703 588 potuerit
1736 561 1746 571 .

240 599 366 644 Extat
383 595 577 658 Religio,
612 593 693 656 qud
721 592 881 640 nullum
913 592 1088 642 divinius
1120 594 1279 641 bonum
1310 595 1446 642 intulit
1478 597 1645 652 Genti,
1679 612 1748 642 ex-

240 680 333 714 tant
362 663 549 712 Fcclesiae
575 664 722 720 Ritus,
762 670 805 709 ὃ(
836 664 1118 711 Coeremoniae
1154 667 1401 722 Sacrorum,
1438 681 1540 729 quas
1573 664 1746 727 abjectas

239 743 285 783 ὅ(
317 735 524 782 exulantes
542 731 733 789 restituit,
767 729 1032 797 dedicatisque
1049 732 1206 798 publice
1218 735 1403 798 Templis
1422 734 1585 782 ornavit
1609 767 1618 776 .
1642 736 1745 788 Quo

239 804 342 854 vero
370 802 599 867 obsequio,
633 801 714 865 quz‘i
746 799 826 847 fide
860 803 1080 850 Romanos
1117 803 1183 850 ille
1233 801 1454 850 Pontifices
1495 799 1745 859 observarit,

175 920 179 922 ,
238 876 395 937 integer
423 875 505 936 ejus
526 871 621 920 vitae
653 871 875 934 Regnique
893 870 1027 919 cursus
1061 870 1308 919 demonstrat
1323 905 1338 930 ,
1356 888 1481 936 quem
1501 870 1673 932 demum
1690 872 1748 918 ita

237 944 421 1008 peregit,
458 955 503 988 ut
546 942 589 987 in
627 954 808 986 extremo
837 938 975 1002 spiritu
1006 943 1214 1004 optimum
1251 949 1295 987 δε
1345 940 1630 988 Christianum
1676 956 1747 987 ve·

237 1015 281 1060 re
330 1010 370 1058 se
421 1014 587 1072 Regem
619 1006 900 1071 profiteretur.
955 1011 1063 1062 Quae
1101 1010 1238 1073 igitiur
1280 1023 1393 1056 tanta
1437 1010 1541 1055 mihi
1584 1006 1747 1056 dicendi

236 1084 330 1138 viS,
357 1094 402 1127 ut
434 1078 715 1126 laudationem
746 1075 987 1124 absolvere}
1014 1081 1123 1130 Quae
1160 1078 1356 1135 Polonis,
1391 1086 1434 1125 &
1456 1094 1546 1142 quae
1578 1078 1747 1124 Saxoni-

236 1151 342 1207 bus,
376 1163 498 1196 tantae
528 1143 729 1194 sufficient
758 1146 980 1213 lacrymae,
1023 1161 1068 1193 ut
1098 1145 1221 1194 funus
1246 1146 1433 1212 prosequi
1479 1145 1662 1210 possint,
1701 1153 1747 1193 δε

235 1219 478 1266 desiderium
511 1216 714 1280 Augusti,
749 1217 791 1262 in
819 1233 903 1279 quo
937 1212 1086 1263 defecit
1118 1215 1304 1262 Ecclefiae
1350 1217 1583 1264 maximum
1626 1232 1746 1262 orna-

235 1288 431 1336 mentum
448 1321 464 1345 ,
492 1284 638 1333 defecit
663 1285 737 1331 illis
768 1287 1023 1349 magnanimi
1052 1292 1096 1331 &
1127 1285 1277 1331 summi
1311 1288 1442 1351 Regis
1475 1285 1743 1348 exemplum}

235 1361 285 1405 Id
313 1374 446 1405 unum
473 1355 625 1413 restat,
659 1369 705 1401 ut
729 1354 780 1401 ad
806 1356 871 1400 Te
902 1371 993 1401 mea
1027 1351 1067 1400 se
1098 1368 1311 1402 convertat
1363 1364 1406 1402 &
1459 1356 1524 1402 Te
1567 1354 1747 1416 compel-

235 1428 291 1474 let
322 1427 505 1481 Oratio,
542 1426 705 1489 egregie
732 1425 950 1486 PrincepS,
992 1422 1171 1487 Augusti
1203 1425 1304 1481 Pili,
1342 1426 1413 1489 qui
1454 1440 1541 1471 non
1583 1424 1747 1470 avitum

234 1495 400 1544 tantum
430 1496 657 1558 Imperium
687 1496 731 1540 in
761 1495 941 1540 Saxones
974 1501 1017 1540 δέ
1045 1492 1287 1557 dignitatem
1309 1511 1331 1539 a
1364 1497 1512 1550 Patre,
1548 1491 1616 1539 sed
1652 1491 1747 1556 glo·

235 1569 339 1614 riam
362 1563 594 1629 amplificati
621 1564 745 1612 etiam
775 1563 957 1610 nominis
988 1563 1198 1625 accepisti,
1234 1572 1278 1611 &
1307 1577 1567 1625 paternarum
1614 1563 1748 1610 virtu-

235 1651 326 1683 tum
353 1637 552 1699 imagines
576 1636 619 1681 in
650 1634 715 1681 Te
743 1631 948 1688 referens,
985 1649 1182 1696 magnam
1206 1632 1257 1680 de
1286 1632 1351 1679 Te
1396 1632 1620 1696 susceptam
1673 1647 1746 1677 ex-

236 1706 510 1769 pectationem
537 1703 748 1749 sustentas.
785 1705 970 1750 Paternae
1002 1702 1072 1748 Tu
1114 1702 1336 1749 voluntatis
1379 1703 1422 1748 in
1474 1701 1745 1764 Religionem

236 1771 536 1837 amplissimum
570 1771 850 1818 testimonium
868 1809 880 1825 ,
911 1771 981 1816 Tu
999 1769 1247 1818 beneficium
1266 1770 1430 1817 exhibes
1450 1771 1591 1816 Nobis
1608 1803 1621 1824 ,
1658 1784 1745 1831 quo

236 1843 397 1891 nullum
421 1839 631 1904 Augustus
661 1839 837 1885 contulit
856 1840 901 1884 in
923 1839 1142 1885 Ecclesiam
1161 1840 1408 1900 praestantius
1422 1873 1431 1881 .
1470 1838 1613 1885 Fatalis
1632 1839 1745 1882 enim

239 1930 333 1960 cum
355 1911 568 1956 inhaereret
598 1908 663 1954 ill-a
691 1909 734 1952 in
766 1908 831 1954 Te
852 1907 1010 1953 macula
1034 1905 1324 1970 superstitionis
1357 1909 1408 1953 ab
1435 1908 1600 1953 ineunte
1626 1917 1744 1951 aetate

239 1993 433 2042 concepta
451 2011 465 2035 ,
500 1991 591 2039 quae
621 1974 650 2021 s1
680 1975 839 2036 penitus
869 1973 1056 2022 insideret
1072 1990 1194 2039 atque
1214 1972 1478 2031 adolesceret,
1513 1974 1596 2020 heu
1615 1990 1746 2036 quan-

240 2066 325 2098 tam
351 2046 514 2097 virtutis
542 2043 751 2099 indolem,
792 2057 991 2107 quantam
1019 2042 1132 2107 spem
1160 2042 1436 2110 oppreffiffet,
1473 2043 1516 2089 in
1549 2042 1590 2088 id
1627 2041 1745 2088 enixe

240 2116 453 2167 contendit
482 2115 661 2178 optimus
695 2115 847 2168 Pater,
883 2126 929 2157 ut
967 2113 1032 2158 illa
1058 2131 1109 2159 ex
1132 2115 1274 2159 animo
1317 2127 1390 2158 tuo
1422 2110 1554 2157 delet&
1594 2109 1744 2157 abster-

242 2190 393 2253 saque,
430 2183 598 2250 gemina
635 2182 700 2227 Te
729 2180 899 2227 donaret
926 2186 970 2226 δέ
997 2180 1225 2244 Religionis
1251 2188 1292 2226 δέ
1319 2181 1414 2228 vitae
1441 2179 1554 2226 luce.
1594 2182 1742 2232 Quan-

242 2274 301 2306 tas
322 2260 366 2303 in
396 2255 436 2301 id
460 2251 702 2300 incumbens
729 2248 979 2296 difficultates
1008 2250 1202 2307 incurrit,
1237 2266 1333 2296 cum
1365 2249 1463 2294 Tibi
1499 2248 1743 2311 depravato-

242 2345 305 2376 res
327 2323 601 2373 adolescentiae
625 2319 837 2367 submovit
857 2356 870 2373 ,
906 2316 1151 2365 institutores
1179 2318 1230 2366 ad
1274 2319 1488 2366 veritatem
1527 2315 1706 2380 praefecit
1726 2353 1742 2372 ‚

241 2415 337 2444 cum
363 2414 385 2442 e
410 2392 627 2456 complexu
656 2389 722 2437 Te
736 2388 955 2435 Genitricis
983 2385 1170 2435 avulsum
1191 2426 1203 2443 ,
1227 2388 1369 2451 Regali
1399 2387 1540 2450 procul
1566 2385 1699 2433 emisit
1717 2402 1741 2432 e

242 2465 480 2520 domicilio,
518 2475 563 2507 ut
593 2458 735 2506 Urbes
763 2457 1084 2505 Catholicorum
1116 2460 1288 2521 Regum
1313 2457 1473 2514 obires,
1507 2473 1644 2503 mores
1680 2457 1744 2501 in-

240 2535 411 2593 viseres,
449 2541 491 2580 &
518 2546 671 2594 magna
703 2527 839 2585 fama,
874 2527 1027 2593 magn&
1056 2525 1160 2592 apud
1183 2543 1331 2575 omnes
1364 2524 1653 2576 benevolentia
1673 2541 1745 2569 ex-

1590 2592 1708 2641 citat&
1725 2623 1741 2650 ,
