1987 3006
776 949 777 952 Ἰ
823 906 952 955 quam
984 888 1203 936 incidimus
1236 886 1432 934 defiderio
1459 886 1713 949 magnanimi
1739 900 1785 930 ac

774 1003 776 1005 ,
825 957 1117 1023 praeclariffimi
1152 957 1334 1021 Augusti
1371 958 1531 1020 Regis,
1574 952 1786 1017 inopinata&

825 1040 963 1074 morte
1006 1027 1148 1075 Nobis
1190 1028 1315 1088 erepti
1339 1059 1354 1084 ‚
1403 1028 1529 1089 erepti
1575 1029 1788 1070 Saxonum

771 1120 773 1130 2
830 1098 995 1153 Genti,
1029 1094 1283 1157 amplissimo
1315 1095 1497 1140 Poloniae
1529 1088 1686 1156 Regno
1705 1124 1720 1148 ,
1745 1097 1790 1135 δέ

762 1211 764 1213 ,
827 1164 1016 1211 Ecclefiae
1049 1182 1201 1229 magna
1233 1164 1283 1210 de
1324 1163 1393 1210 illo
1440 1162 1644 1226 speranti,
1681 1160 1791 1206 vale-

754 1240 765 1249 ⁴
827 1233 887 1280 bit
916 1232 1083 1281 foa-tasse
1114 1235 1246 1298 magis
1274 1231 1324 1279 ad
1350 1230 1579 1278 acuendum
1598 1268 1612 1285 ,
1659 1228 1791 1292 qudm

268 1304 320 1353 ad
347 1301 652 1352 extenuandum
679 1300 868 1351 dolorem
895 1302 1072 1350 laudatio
1088 1337 1103 1360 ,
1139 1320 1266 1368 quam
1289 1316 1430 1349 tamen
1446 1335 1461 1358 ,
1497 1317 1592 1346 cum
1610 1296 1690 1362 ipsa
1707 1298 1791 1344 vir-

270 1389 336 1421 tus
358 1371 546 1420 officium
582 1374 695 1437 quafi
723 1373 961 1437 supremum
990 1372 1241 1436 expostulet,
1282 1380 1326 1418 δέ
1361 1374 1457 1417 Nos
1497 1366 1696 1431 praecipue
1726 1364 1794 1410 de-

273 1442 441 1489 beamus
472 1456 559 1489 tam
596 1443 700 1489 bene
734 1441 785 1488 de
822 1442 963 1490 Nobis
990 1443 1139 1488 merito
1180 1441 1319 1504 Regi,
1355 1456 1448 1486 eam
1475 1438 1718 1489 habiturus,
1749 1435 1793 1479 in

273 1513 388 1574 copia
413 1509 580 1557 laudum
603 1544 618 1567 ,
654 1527 747 1574 quae
777 1525 901 1557 tantae
930 1525 1099 1573 tamque
1125 1507 1291 1559 diversae
1328 1508 1590 1562 succurrunt,
1627 1518 1672 1550 ut
1719 1519 1792 1565 po-

273 1581 380 1637 tius,
421 1578 520 1642 quid
553 1583 755 1642 praeterire
783 1579 943 1626 fllentio
976 1578 1160 1640 pollini,
1197 1579 1326 1643 qufim
1353 1576 1451 1641 quid
1482 1574 1685 1639 proferre,
1716 1570 1794 1616 sol*

273 1648 403 1695 licitus
422 1645 495 1693 elle
524 1647 727 1702 debeam,
762 1648 862 1695 illud
891 1648 1113 1697 exist1mavi
1147 1645 1421 1712 praestandum
1446 1683 1459 1699 ,
1490 1662 1544 1691 ne
1565 1641 1794 1706 quidquam

276 1715 430 1763 excidat
457 1716 588 1772 mihi,
624 1714 738 1779 quod
775 1717 847 1762 etsr
882 1734 1116 1779 magnum,
1152 1717 1223 1763 etfi
1265 1714 1529 1768 admirabile,
1566 1725 1707 1756 tamen
1751 1714 1796 1753 ὅτ.

279 1782 359 1829 hoc
375 1781 576 1831 Pontifice
596 1785 788 1831 Maximo
806 1816 819 1838 ‚
857 1792 900 1829 &
923 1799 1011 1829 tam
1036 1785 1202 1846 augusta
1229 1784 1478 1837 Concione,
1498 1781 1563 1827 vel
1579 1777 1718 1825 minus
1736 1775 1797 1821 di-

278 1867 444 1915 gnum,
476 1853 544 1900 vel
568 1853 619 1895 ad
654 1853 758 1897 hanc
779 1852 858 1897 loci
888 1852 1136 1897 Sanffiffimi
1167 1851 1452 1910 Majestatem,
1488 1850 1557 1893 vel
1592 1846 1642 1892 ad
1682 1843 1793 1890 hanc

279 1919 449 1966 Funeris
469 1918 736 1980 Religionem
749 1950 764 1972 ,
782 1934 870 1963 non
885 1916 974 1965 fiatis
1000 1917 1367 1966 accommodatum
1384 1915 1511 1963 videri
1527 1912 1655 1976 poffit
1670 1943 1682 1955 .
1710 1914 1795 1957 Ve-

281 2004 388 2034 rerer
419 1987 541 2031 etiam
559 2018 575 2042 ,
604 2002 658 2031 ne
691 1985 794 2031 male
825 2003 894 2047 per
917 2003 985 2032 me
1022 1985 1255 2034 consultum
1290 1983 1470 2046 Augusti
1507 1981 1690 2029 laudibus
1731 1980 1796 2028 vi-

283 2055 458 2109 deretur,
494 2052 524 2098 fi
552 2070 632 2115 ego
659 2054 818 2099 illarum
837 2090 852 2107 ,
889 2067 935 2099 ut
961 2052 1016 2099 est
1041 2055 1085 2098 in
1106 2070 1224 2098 more
1241 2051 1510 2115 institutoque
1529 2055 1793 2107 Oratorum‚

285 2121 503 2171 exordium
519 2119 708 2167 ducerem
735 2138 759 2167 a
785 2119 1062 2177 nobiliffima‚
1094 2122 1177 2184 qud
1194 2120 1397 2184 profectus
1415 2120 1468 2167 est
1486 2158 1500 2176 ,
1528 2124 1669 2168 Gente
1685 2150 1700 2175 ,
1724 2134 1794 2165 cu-

288 2194 348 2255 jus
377 2191 506 2252 capita
534 2198 577 2236 &
610 2188 840 2236 conditores
869 2190 912 2234 in
948 2189 1153 2237 vetustatis
1171 2191 1339 2254 caligine
1360 2188 1558 2253 nusquam
1574 2199 1793 2252 apparent,

288 2258 364 2306 nisi
393 2275 490 2305 cum
514 2257 706 2322 potestate
736 2266 779 2305 ὃ(
806 2259 1009 2321 imperio,
1045 2276 1228 2323 quorum
1267 2258 1450 2322 praeclara
1489 2257 1691 2321 posteritas
1729 2270 1793 2300 ac-

290 2341 449 2390 ceptam
475 2328 648 2391 gloriam
670 2346 694 2375 a
722 2327 910 2374 Patribus
936 2328 1070 2375 nostra
1096 2326 1220 2392 usque
1247 2329 1290 2374 in
1320 2342 1502 2391 tempora
1527 2322 1792 2390 propagavit,

291 2403 336 2444 δε
366 2410 432 2442 tot
461 2398 506 2442 in
527 2396 661 2461 stirpes
697 2411 819 2461 atque
841 2395 1010 2444 familias
1040 2395 1224 2452 diducita,
1260 2395 1468 2461 quandam
1498 2395 1570 2442 fibi
1601 2394 1788 2444 videtur,

293 2478 342 2512 ut
367 2465 424 2512 ita
454 2463 614 2524 dicam,
648 2466 1003 2515 immortalitatem
1033 2466 1258 2514 adstruere.
1308 2469 1570 2529 Quapropter
1586 2479 1673 2511 non
1708 2473 1789 2569 6ng

1144 2535 1192 2578 A
1228 2551 1259 2595 4
1674 2527 1743 2591 qui
1772 2552 1789 2559 -
