1987 3006
262 202 488 269 quidquam
519 198 725 265 proferam
747 198 888 247 Vobis
918 198 967 247 de
1001 196 1231 247 WitiKindo
1254 201 1466 246 Saxonum
1497 199 1621 245 Duce
1642 196 1773 248 fortis-

260 274 393 330 s1m0,
432 280 475 318 δέ
509 270 652 334 Regiae
697 270 842 333 Stirpis
872 269 1069 327 authore,
1107 287 1193 333 quo
1228 285 1314 316 uno
1365 268 1543 316 Carolus
1583 269 1771 332 Magnus

259 345 300 390 in
318 339 575 389 retundendo
587 377 599 395 ‚
618 338 981 403 perdomandoque
993 378 1006 395 ‚
1022 338 1171 386 diutius
1187 337 1437 386 adlaboravit
1452 372 1467 397 ,
1482 337 1608 402 quam
1619 370 1634 395 2
1647 338 1713 387 vel
1729 339 1772 386 in

257 413 409 476 reliqua
436 408 711 457 submittenda
727 410 976 465 Germania,
1011 409 1078 457 vel
1107 411 1151 455 in
1176 408 1286 456 Italia
1321 406 1497 471 pacanda
1515 440 1531 465 ,
1566 424 1701 470 neque
1722 406 1771 454 ad

257 479 668 530 commendationem
698 477 879 543 Augusti
907 476 1137 542 quidquam
1166 475 1402 535 desumam,
1447 490 1592 540 praeter
1618 479 1770 525 avitam

256 553 431 617 gloriam
468 548 712 596 Christiana:
747 548 983 612 Religionis
1023 548 1076 594 ab
1112 547 1181 594 illo
1227 545 1409 610 primum
1442 548 1488 594 in
1531 545 1769 610 generosam

254 625 450 669 Domum
499 619 616 666 illatae
649 652 658 660 .
703 617 871 664 Silentio
920 630 985 663 tot
1029 628 1302 671 ornamenta,
1339 629 1403 662 tot
1437 617 1589 663 Gentis
1628 614 1770 662 decora

254 690 505 754 praeteribO,
541 687 701 735 silentio
740 699 806 734 tot
850 685 1063 734 bellatores
1100 687 1321 751 egregios,
1357 685 1429 749 qui
1478 685 1652 748 propriis
1679 682 1772 731 fini-

254 761 331 808 bus
363 772 650 822 erumpentes,
686 756 919 803 Germania
950 756 1161 819 peragrati
1189 769 1314 818 atque
1343 755 1535 811 emensa,
1562 762 1606 800 δε
1635 757 1771 799 Ocea-

253 847 358 878 num
387 827 638 893 proetervecsti
657 859 672 883 ,
705 825 916 889 peregrina
940 827 1087 887 Regna
1115 822 1340 871 fundarunt
1357 857 1368 869 .
1403 827 1514 872 Non
1530 823 1618 869 illos
1637 822 1772 868 hono·

254 901 308 946 ris
335 898 454 945 causc‘l
487 894 715 943 nominabo
735 927 750 950 ,
784 894 857 957 qui
893 893 959 940 vel
992 893 1171 955 Imperio
1204 893 1354 956 potiti,
1392 894 1456 942 vel
1483 905 1600 938 tanto
1631 907 1771 938 rerum

253 967 415 1032 fastigio
429 965 545 1030 digni
572 962 663 1009 sunt
695 963 849 1016 habiti,
877 978 1063 1023 quorum
1089 968 1195 1007 un'us
1220 969 1263 1006 Sc
1291 961 1390 1007 alter
1419 962 1465 1008 ea
1485 959 1770 1025 magnitudine

256 1038 384 1084 animi
413 1033 706 1097 praestiterunt,
744 1043 790 1076 ut
818 1028 1090 1075 recusaverint
1119 1047 1142 1074 a
1167 1031 1408 1075 Germaniae
1427 1033 1694 1091 Septem-{iris
1711 1028 1770 1075 di*

255 1107 456 1170 gnitatem
490 1105 798 1164 Imperatoriam
833 1096 883 1142 ad
918 1099 1006 1143 illos
1042 1096 1149 1143 ultro
1187 1096 1394 1143 delatam.
1442 1097 1620 1143 Nullam
1656 1096 1772 1143 deni-

256 1191 337 1238 que
368 1169 562 1235 Augusto
590 1169 696 1232 Regi
727 1164 890 1213 laudem
928 1165 1174 1221 adsciscam,
1212 1168 1323 1228 cujus
1366 1168 1410 1212 in
1455 1164 1690 1212 societatem
1732 1163 1770 1213 se

256 1240 399 1290 offerat
434 1240 502 1288 vel
531 1237 695 1284 fortuna
722 1269 738 1293 ,
771 1236 835 1283 vel
863 1235 999 1291 casus,
1036 1235 1190 1280 nullam
1219 1233 1268 1281 de
1297 1252 1348 1281 eo
1366 1273 1379 1289 ‚
1416 1234 1490 1281 nisi
1527 1237 1736 1298 propriam
1755 1272 1769 1289 ‚

255 1311 331 1360 nist
366 1310 575 1373 Regiam,
610 1305 683 1353 nifi
716 1304 995 1351 Christianam
1036 1305 1236 1351 virtutem
1284 1305 1658 1359 commemorabO,
1695 1301 1770 1350 nifi

255 1398 349 1446 quae
374 1377 558 1426 multum
585 1374 635 1422 ad
669 1374 843 1438 gloriam
872 1374 1055 1419 nominis
1084 1373 1245 1430 valeat,
1273 1372 1455 1418 multum
1480 1373 1536 1419 ad
1563 1374 1771 1434 conjed'tu-

256 1468 346 1498 ram
387 1448 516 1497 beatae
553 1443 898 1501 immortalitatis,
933 1455 979 1489 ut
1026 1440 1258 1506 Religionis
1293 1440 1354 1489 est
1392 1440 1584 1498 credere,
1615 1440 1666 1487 ab
1700 1439 1770 1486 illo

255 1518 329 1569 ade
359 1532 435 1567 tae.

331 1536 357 1586 Ρ
401 1589 579 1641 Quoties
609 1585 787 1653 Augusti
818 1586 1051 1652 praeclaram
1081 1582 1177 1634 sane*
1207 1590 1255 1633 ὅτ’
1301 1582 1503 1649 Regale'm
1549 1579 1769 1628 institutio-

258 1676 357 1709 nem
385 1658 580 1706 omnibus
611 1656 662 1705 ad
693 1659 890 1707 virtutem
923 1655 1112 1721 praefidiis
1130 1669 1253 1718 atque
1271 1654 1522 1699 ornamentis
1540 1652 1767 1703 munitam,

259 1730 425 1794 quoties
460 1724 775 1773 adolescentiam
804 1725 995 1773 recordor
1025 1723 1133 1771 haud
1150 1721 1395 1769 insolentem
1413 1720 1631 1776 laborum,
1661 1710 1767 1763 haud

261 1799 350 1845 otio
377 1794 638 1859 languidam,
672 1791 804 1840 sedin
839 1793 1014 1855 palaestra
1053 1805 1176 1854 atque
1205 1792 1249 1835 in
1283 1791 1364 1836 acie
1399 1785 1684 1838 obfirmatam,
1723 1788 1768 1827 δί

257 1865 399 1932 'gloriae
426 1862 614 1925 cupidam
638 1872 763 1924 atque
788 1874 1074 1923 appetentem,
1103 1872 1199 1906 non·
1219 1856 1378 1920 possum
1403 1866 1490 1900 non
1525 1864 1768 1901 commove-

260 1937 322 1989 ri,
359 1947 446 1978 non
469 1930 573 1975 ferre
601 1930 807 1989 graviter,
842 1928 959 1989 quod
985 1945 1031 1973 ea
1065 1930 1108 1973 in
1139 1926 1209 1971 illo
1249 1923 1411 1971 virtutis
1454 1921 1609 1966 indoles
1644 1917 1767 1963 tantis

262 2000 468 2049 erroribus·
491 1996 731 2042 obrueretur
750 2026 766 2050 ,
798 2006 921 2055 atque
951 1996 991 2037 in
1022 1991 1279 2037 sanffissimae
1313 1988 1541 2050 Religionis
1578 1983 1769 2034 obversa-

263 2085 370 2119 retur
393 2066 650 2132 ignoratione
670 2091 681 2105 .†
718 2062 914 2107 Occurrit
937 2059 1042 2105 illico
1073 2060 1176 2105 mihi
1204 2059 1348 2119 imago
1376 2051 1618 2103 calamitosae
1646 2052 1765 2115 pestis

264 2141 387 2194 illius,
422 2149 512 2200 quae
535 2129 714 2197 primum
738 2127 777 2173 st:
814 2127 1122 2188 Wirtembcrgii
1145 2128 1188 2170 in
1209 2126 1344 2169 lucem
1362 2120 1504 2168 effudit
1520 2159 1534 2176 ‚
1570 2138 1663 2183 quae
1678 2135 1767 2183 par‘-

265 2226 318 2257 va
343 2208 436 2253 licet
453 2234 469 2258 ,
500 2211 543 2248 δέ
573 2195 877 2246 contemnenda
905 2194 1106 2257 principiis
1124 2228 1138 2246 ‚
1172 2190 1305 2239 nescio
1329 2207 1414 2253 quo
1431 2190 1569 2236 nostro
1582 2187 1668 2235 fato
1685 2190 1766 2235 im*-

267 2273 422 2324 mensas
444 2270 547 2318 adeo
578 2270 683 2317 vires
712 2280 836 2329 atque>
868 2265 1058 2311 alimenta
1097 2261 1293 2325 collegit,
1328 2272 1374 2305 ut
1409 2259 1491 2305 cito
1539 2258 1764 2306 Provinciae

266 2344 368 2393 fines
387 2337 535 2406 egressa
555 2366 571 2396 5
595 2334 720 2398 longe
751 2332 914 2395 lateque
931 2330 1114 2379 exultarit
1134 2368 1148 2385 ,
1179 2337 1223 2376 &
1254 2339 1470 2391 pervagata
1493 2327 1762 2382 Germanias,

266 2422 311 2462 δε
359 2410 541 2473 superato
586 2405 761 2467 Alpium
793 2403 931 2458 vallo,
977 2398 1101 2447 Italiae
1134 2416 1225 2445 oras
1259 2398 1457 2460 attingere
1489 2412 1575 2442 non
1604 2394 1652 2441 fit
1691 2411 1763 2443 ve-

267 2484 341 2530 rita
356 2514 369 2528 .
402 2478 503 2527 Tua
527 2475 629 2526 veto
651 2475 753 2520 inter
783 2484 944 2519 caeteras
973 2468 1139 2518 crudelis
1169 2476 1213 2515 δε
1244 2464 1464 2514 miseranda
1491 2463 1673 2579 conditi‘q
1699 2463 1762 2510 vi<

1671 2543 1759 2578 etur
