1987 3006
295 257 447 322 'magni
473 251 694 317 excelsrque
723 253 848 300 animi
877 251 1032 317 gloria,
1056 250 1174 300 sensit
1211 270 1232 299 a
1265 248 1499 299 calamitoso
1534 253 1649 312 Rege
1672 248 1710 296 se
1738 251 1800 297 vi-

305 330 445 374 c'tum.
483 323 560 369 Oh
603 336 754 370 terram
778 323 887 370 illam
922 320 1118 379 beatam,
1155 339 1244 384 quae
1291 322 1414 367 talem
1458 321 1690 383 Principem
1735 319 1804 365 ha-

303 397 425 451 buit,
458 393 690 456 ingratam,
726 409 817 457 quae
852 389 1093 437 defiderium
1128 391 1255 448 illius,
1292 389 1505 446 miseram,
1541 405 1632 453 quae
1664 386 1804 434 disces-

301 464 391 513 sum
423 460 604 509 sustinuit
630 497 645 520 .,
678 459 1070 518 fortunatissimam,
1109 477 1200 523 quse
1237 462 1385 523 recepit
1428 455 1635 505 amissum.
1674 458 1803 504 Testis

302 532 498 587 Polonia,
534 547 625 596 quae
654 531 783 578 fludio
810 531 996 576 maximo
1022 527 1299 592 consensuque
1342 530 1534 574 omnium
1581 527 1771 573 ordinum
1790 559 1805 582 ,

302 615 426 665 atque
472 615 669 658 aetatum,
704 600 875 649 obviam
902 597 987 647 visa
1013 598 1067 645 est
1098 594 1280 654 effundi,
1314 610 1359 644 ut
1389 596 1628 644 redeuntem
1654 596 1805 659 ample-

304 673 476 717 &teretur
508 669 775 734 Augustum,
813 684 858 715 ut
888 667 1064 715 humeris
1096 672 1199 730 pene
1230 666 1305 713 suis
1334 680 1553 729 reportaret
1593 668 1636 712 in
1668 665 1807 729 Regni

304 738 446 787 Sedes.
483 739 555 786 Ille
581 739 682 800 vero
706 741 762 785 ita
789 738 923 785 lenem
946 745 990 785 δέ
1022 736 1283 784 moderatum
1307 736 1345 783 se
1373 735 1571 798 praebuit,
1606 749 1649 781 ut
1666 735 1749 796 ejus
1765 736 1808 780 in

301 811 505 874 Regnum
539 807 667 856 reditu
704 825 833 854 nemo
867 807 916 854 srt
941 809 1043 857 civis
1069 806 1307 855 desideratus
1335 807 1378 852 in
1405 802 1587 853 universa
1605 803 1804 859 polonia,

300 877 376 926 nisi
410 878 481 942 qui
513 874 742 925 concidiffet
774 879 816 924 in
846 878 953 924 acie.
992 878 1158 923 Omnes
1188 877 1329 932 enim,
1364 875 1435 938 qui
1467 874 1531 920 vel
1548 874 1588 918 in
1607 872 1721 918 illum
1738 888 1812 918 ne-

301 945 401 995 faria
432 946 511 993 tela
541 945 823 1011 sumpfiffent,
855 947 922 995 vel
954 944 1253 1009 conjurafl'ent,
1289 945 1356 993 vel
1385 940 1619 992 defecissent
1658 940 1707 987 ad
1735 940 1813 986 ho-

300 1015 401 1063 stem
420 1049 436 1073 ,
469 1017 623 1080 quique
647 1034 697 1062 eo
729 1015 889 1065 reverso
918 1016 1044 1064 civilis
1072 1016 1161 1061 belli
1190 1016 1391 1061 rationem
1410 1015 1536 1076 prope
1553 1009 1726 1057 solutam
1745 1027 1813 1056 ex«

300 1085 565 1149 peditamque
596 1085 816 1132 turbaffent
834 1119 849 1142 ,
887 1101 973 1131 non
1001 1084 1132 1131 modo
1151 1085 1316 1132 veniam
1333 1082 1425 1129 sunt
1443 1077 1717 1145 consequuti,
1743 1078 1809 1125 scd

304 1161 349 1201 &
376 1155 556 1217 benigne·=
585 1163 628 1201 &
655 1169 839 1201 amanter
873 1155 1062 1216 excepti,
1081 1162 1124 1200 Sc
1154 1153 1380 1199 honoribus
1408 1150 1601 1198 cumulati
1634 1150 1684 1196 ab
1715 1148 1811 1204 illo,

301 1223 405 1271 nihil
436 1238 579 1286 praeter
610 1225 768 1286 injurias
795 1222 1086 1281 obliviscente,
1122 1224 1233 1285 cujus
1248 1219 1649 1276 misericordia,non
1683 1218 1812 1283 lacry-

300 1293 381 1340 mis
413 1292 645 1350 evocanda,
679 1310 765 1340 non
792 1294 1007 1357 precibus,
1044 1289 1125 1356 ipsa
1165 1290 1403 1339 calamitosis
1428 1304 1552 1353 atque
1569 1286 1811 1351 supplicibus

301 1362 562 1409 occurrebat.
602 1360 754 1410 Tanta:
785 1362 1046 1426 benignitatis
1075 1360 1261 1425 adspe&u
1295 1361 1500 1406 fluxerunt
1528 1374 1640 1404 arma
1657 1355 1708 1402 de
1725 1372 1811 1401 ma-

301 1431 449 1486 nibus,
487 1432 778 1493 conjurationis
811 1430 921 1478 enses
953 1430 1124 1494 delapsi,
1161 1430 1352 1476 omnium
1377 1428 1469 1475 sunt
1507 1427 1632 1474 animi
1672 1424 1813 1472 delini-

300 1501 357 1557 ti,
385 1499 581 1564 quodque
608 1500 715 1564 aegre
745 1502 806 1548 vis
834 1497 1066 1564 praestitisset
1083 1533 1097 1557 ,
1133 1497 1268 1547 effecit
1298 1497 1564 1545 beneficentia
1582 1529 1597 1553 ,
1625 1495 1733 1555 cujus
1767 1494 1811 1539 in

300 1569 535 1617 voluntates
561 1570 783 1633 imperium
815 1577 859 1616 Sc
891 1568 1127 1617 dominatus
1147 1603 1162 1627 ,
1201 1578 1243 1616 &
1270 1568 1384 1615 latius
1409 1582 1520 1631 patet
1536 1600 1550 1623 ,
1587 1573 1631 1612 &
1654 1562 1812 1610 firmior

300 1637 385 1695 est,
422 1639 547 1702 quam
577 1640 765 1697 timoris,
800 1641 872 1704 qui
903 1638 941 1685 se
960 1640 1152 1703 potentiae
1171 1656 1246 1686 nec
1276 1636 1406 1684 fidum
1438 1636 1590 1700 praebet
1626 1651 1700 1680 nec
1725 1632 1814 1678 diu-

301 1711 474 1754 turnum
507 1707 714 1754 custodem
736 1742 745 1751 .
784 1707 913 1760 Quod
942 1708 970 1754 fi
998 1708 1110 1756 nulla
1143 1726 1186 1754 re
1238 1706 1402 1771 propius
1438 1705 1488 1752 acl
1531 1701 1812 1749 immortalem

300 1789 424 1838 atque
459 1775 643 1823 divinam
674 1793 862 1823 naturam
899 1778 1095 1824 accedunt
1140 1781 1278 1840 Reges
1300 1809 1315 1833 ,
1351 1774 1477 1838 quam
1521 1772 1644 1820 salute
1678 1771 1814 1817 homi-

299 1844 419 1890 nibus
458 1844 618 1901 danda,
654 1846 682 1891 s1
716 1844 1012 1902 misericordia,
1047 1845 1077 1891 fi
1109 1844 1248 1890 lenitas
1271 1877 1285 1901 ,
1321 1860 1413 1888 eam
1450 1860 1473 1888 a
1508 1845 1602 1886 Deo
1637 1841 1810 1901 gratiam

300 1914 444 1959 ineunt
468 1945 483 1969 ,
512 1927 557 1959 ut
601 1914 716 1959 illum
756 1913 898 1961 Nobis
947 1913 1247 1977 placabiliorem
1294 1909 1502 1964 efficiant,
1538 1907 1811 1971 amplrssimos

301 1982 409 2029 certe
438 1979 594 2028 fruitus
624 1984 752 2046 capiet
782 1981 993 2046 Augustus
1029 1983 1182 2046 ingenii
1218 1979 1303 2035 sui,
1340 1981 1403 2026 cui
1440 1977 1539 2026 nihil
1577 1991 1663 2024 tam
1694 1977 1813 2024 usita-

299 2065 423 2106 tum,
463 2050 589 2113 quam
613 2068 794 2114 parcere,
832 2052 934 2097 nihil
966 2066 1051 2097 tam
1084 2052 1298 2114 populare,
1333 2049 1459 2113 quam
1487 2048 1614 2111 gratia
1652 2045 1812 2111 frange-

299 2137 343 2167 re
377 2120 642 2179 inimicitias,
676 2129 720 2167 ὃ(
747 2118 1041 2166 beneficiorum
1076 2120 1252 2168 vinculis
1281 2119 1491 2184 obligare.
1529 2121 1689 2163 Harum
1725 2113 1812 2163 affi·

299 2205 372 2236 nes
423 2189 464 2233 in
496 2189 565 2235 illo
609 2203 723 2236 erant
762 2197 820 2235 ’δε
863 2203 1061 2253 tanquam
1103 2187 1218 2235 sociae
1263 2190 1467 2235 virtutum
1507 2186 1715 2233 liberalitas
1768 2194 1810 2232 ἃ

299 2255 601 2320 magnificentia
620 2293 629 2301 .
669 2261 809 2306 Natos
829 2259 871 2304 in
901 2260 1017 2322 copia
1044 2261 1178 2322 Reges
1209 2272 1331 2319 atque
1367 2260 1409 2303 in
1428 2255 1601 2302 fortunis
1617 2257 1723 2302 reeste‘
1739 2270 1810 2317 pu-

301 2326 414 2372 tabat
435 2327 672 2391 Augustus,
704 2341 749 2373 ut
771 2345 897 2391 opes,
933 2342 980 2374 ut
1008 2329 1144 2391 Regni
1181 2327 1353 2391 quaestus
1384 2327 1435 2373 ab
1467 2325 1542 2372 illis
1576 2327 1619 2372 in
1636 2340 1807 2370 omnem

301 2394 498 2458 populum
515 2395 766 2443 dimanarent
787 2432 795 2440 .
834 2398 932 2459 Ejus
962 2397 1149 2443 inauditae
1179 2411 1298 2459 atque
1318 2393 1526 2442 immensa:
1544 2395 1804 2459 pecuniarum

310 2461 553 2522 effusiones,
587 2466 772 2511 militaria
802 2463 1050 2529 spectacula,
1085 2465 1174 2512 data
1200 2466 1438 2512 exercitibus
1463 2466 1604 2528 epula,
1637 2460 1807 2525 splendi-

309 2531 360 2580 da
388 2530 589 2596 hospitia,
625 2534 817 2582 testantur
851 2537 977 2583 animi
1015 2534 1344 2601 magnitudinem
1365 2572 1379 2592 ,
1415 2535 1486 2595 qui
1516 2537 1715 2597 Regnum
1734 2529 1804 2574 sibi

1718 2612 1803 2645 non
