1987 3006
246 274 445 322 Barbaros
473 271 764 319 authoritatem
790 271 1038 322 consciverat
1054 307 1070 332 ,
1104 287 1150 322 ut
1166 306 1181 333 ,
1208 289 1307 321 cum
1334 275 1377 323 in
1409 271 1613 340 Regnum
1629 274 1751 327 adiic-

244 347 348 392 nerit
362 376 376 399 ,
395 343 528 389 statim
542 343 689 405 rapinis
705 350 747 388 δε
764 342 1068 391 excursionibus
1084 345 1343 408 temperarint
1358 380 1373 405 ,
1390 362 1531 409 pacem
1544 348 1728 410 rogarint
1740 380 1756 405 ,

246 422 289 460 &
306 411 560 459 conditiones
576 412 799 474 acceperint
817 446 826 454 .
863 415 1010 477 Atque
1026 415 1182 461 utinam
1197 414 1340 461 inillos
1370 415 1504 478 potius
1518 448 1532 472 ,
1558 433 1661 479 quos
1680 416 1756 461 alia

244 486 287 530 in
322 496 506 545 tempora
528 479 743 529 reservarat
769 480 819 527 ad
844 499 1048 546 poenam,
1085 497 1129 529 ut
1173 484 1335 550 inclytae
1380 491 1424 530 δε
1476 483 1755 531 memorandae

244 568 370 601 voces
412 549 635 608 testantur,
673 550 820 614 quibus
853 585 868 609 ,
895 569 990 598 cum
1013 551 1196 599 diadema
1224 554 1527 616 imponeretur..
1563 549 1755 616 profeffus

247 620 334 678 est,
371 634 441 667 aut
475 618 514 665 st
547 620 798 666 moriturum
833 658 847 675 ,
892 636 960 667 aut
999 622 1293 668 KaminieKurn
1336 640 1384 668 ex
1422 621 1603 668 hostibus
1646 637 1756 668 rece-

246 704 446 755 pturum,
478 689 521 734 in
555 689 646 735 illos
663 723 679 748 ,
712 690 882 752 inquam
899 727 912 744 ,
950 691 1278 753 cogitationes&
1299 708 1512 737 armorum
1540 692 1631 738 vim
1655 706 1755 736 con-

246 756 425 808 vertisset
464 758 598 820 potius
628 793 643 816 ,
692 758 819 821 quam
849 757 921 803 sibi
964 774 1112 805 conatu
1159 757 1328 805 infausto
1372 757 1689 823 recuperandam
1731 774 1756 804 a

249 832 373 876 Sueca
411 841 533 891 gente
565 829 787 874 Livoniam
817 825 1079 891 proposuiffet
1100 862 1109 871 .
1147 828 1275 876 Quod
1299 846 1359 879 vre
1386 846 1480 876 vera
1523 830 1576 874 ita
1605 827 1756 873 bellum

246 895 541 945 administravit
573 895 783 960 Augustus
802 928 817 952 ,
845 910 891 942 ut
923 913 967 942 ea
1004 897 1189 959 praeclara
1217 913 1353 943 rerum
1381 897 1582 960 gestarum
1610 896 1723 941 initia
1740 928 1756 947 ,

247 968 291 1014 vi
319 979 441 1029 captae
482 965 651 1022 Urbes,
685 965 729 1011 in
761 964 1000 1026 potestatem
1021 981 1144 1026 prope
1183 965 1337 1010 reda&a
1373 966 1588 1012 Provincia
1619 998 1634 1021 ,
1669 977 1757 1008 non

247 1037 331 1096 ejus
392 1031 609 1089 felicitati,
655 1046 695 1078 at
740 1034 920 1088 virtuti,
952 1045 1133 1077 extrema
1186 1033 1288 1080 vero
1321 1070 1334 1087 ‚
1371 1050 1462 1094 quse
1498 1033 1543 1078 in
1584 1031 1758 1077 Polonia

247 1102 477 1151 acciderunt
516 1103 602 1162 ejus
639 1116 725 1146 non
746 1100 901 1161 culpse,
937 1114 978 1146 at
1008 1097 1183 1145 fortuna?
1207 1099 1287 1146 sint
1318 1099 1551 1147 tribuenda.
1573 1101 1758 1145 Animus

248 1173 388 1218 horret
417 1168 521 1215 mihi
548 1202 563 1226 ,
604 1169 754 1214 Oratio
798 1165 977 1231 refugit,
1020 1186 1042 1214 a
1076 1170 1277 1214 memoria
1307 1168 1425 1215 cladis
1459 1169 1594 1224 illius,
1629 1184 1758 1230 quam

247 1239 354 1288 certe
388 1236 711 1292 dissimularem,
749 1236 779 1283 si
811 1253 898 1283 non
929 1236 1087 1283 silentio
1113 1235 1392 1300 praetereunda
1425 1237 1544 1283 simul
1570 1251 1668 1282 tunc
1699 1233 1760 1282 es-

247 1308 306 1356 set
336 1326 381 1355 ea
408 1306 575 1354 laudum
606 1304 748 1369 seges,
782 1323 880 1369 quas
908 1307 1098 1353 excitavit
1127 1306 1190 1352 illa
1224 1307 1462 1362 calamitas,
1496 1308 1538 1352 in
1571 1322 1697 1369 quam
1727 1301 1758 1350 fi

250 1379 380 1426 virtus
409 1393 495 1423 non
528 1372 754 1422 offendisset
783 1374 986 1438 Augusti,
1026 1388 1181 1420 tantam
1207 1392 1294 1420 non
1318 1375 1373 1420 illi
1422 1375 1596 1437 gloriam
1618 1411 1631 1428 ,
1669 1387 1757 1419 non

250 1460 408 1494 tantam
424 1445 543 1492 nobis
571 1444 887 1491 admirationem
902 1445 1102 1507 ingereret
1119 1477 1131 1488 .
1168 1445 1336 1506 Spiritus
1354 1444 1468 1490 enim
1486 1444 1644 1507 Regios
1662 1443 1758 1487 Ma-

252 1514 514 1579 jessatcmque
544 1515 587 1559 in
624 1511 782 1559 afflictis
814 1520 857 1559 δε
890 1511 1043 1560 miseris
1064 1513 1138 1559 illis
1161 1513 1279 1558 rebus
1297 1515 1351 1558 ita
1368 1513 1561 1567 retinuit,
1598 1524 1641 1556 ut
1661 1524 1761 1556 tunc

254 1583 421 1631 ediderit
471 1584 701 1630 maximum
740 1596 861 1645 atque
910 1581 1145 1628 admirabile
1179 1580 1267 1627 celfi
1311 1580 1590 1644 moderatique
1631 1578 1761 1624 animi

257 1653 491 1715 exemplum
520 1685 535 1710 ,
599 1650 712 1715 quod
752 1648 920 1714 potuisse
966 1649 1183 1698 confirmat
1226 1653 1442 1697 Romanos
1476 1649 1664 1694 homines
1713 1645 1763 1692 αἳ

256 1723 408 1769 virtute
443 1721 658 1776 inveniri,
703 1721 853 1782 quanta*
893 1722 1105 1766 memoriae
1158 1718 1369 1781 proditum
1409 1716 1463 1764 est
1487 1750 1496 1758 .
1554 1713 1765 1777 Augustus

261 1792 375 1837 enim
396 1828 408 1844 ,
446 1806 541 1836 cum
574 1787 770 1834 habuisset
795 1790 839 1833 in
873 1789 1095 1849 potestate,
1132 1788 1290 1849 impetu
1328 1785 1512 1850 quodam
1555 1800 1663 1829 caeco
1706 1796 1767 1828 te-

257 1858 455 1905 meritatis
486 1856 536 1902 ad
566 1855 605 1902 se
633 1855 867 1919 delapsum,
904 1856 1062 1901 hostem
1088 1854 1308 1917 superbum
1343 1867 1464 1917 atque
1501 1851 1764 1899 insultantem

260 1926 460 1982 victoria,
497 1927 667 1986 quicum
700 1925 750 1968 de
775 1928 925 1983 Regno
951 1942 996 1970 ac
1017 1923 1067 1970 de
1095 1925 1222 1984 capite
1254 1923 1483 1976 dimicarat,
1518 1938 1541 1965 a
1576 1936 1661 1980 quo
1689 1917 1767 1963 du-

259 1993 434 2041 riffimas
469 1990 721 2038 conditiones
760 1987 960 2050 subierat,
994 1992 1107 2051 cujus
1139 1988 1315 2036 inaudita
1343 2005 1468 2051 prope
1497 1985 1661 2033 consilia
1677 2001 1765 2032 non

261 2063 513 2117 Provincifc,
527 2076 612 2106 non
645 2062 790 2120 Regna
808 2095 821 2113 ,
844 2074 982 2121 capere
998 2072 1214 2121 poterant,
1233 2074 1321 2104 non
1346 2057 1458 2103 illum
1486 2072 1556 2117 per
1583 2056 1673 2101 vim
1691 2071 1767 2116 op-

261 2130 430 2196 pressit,
467 2146 555 2175 non
588 2128 825 2188 intercepit,
861 2142 948 2171 non
983 2129 1190 2187 captivum
1211 2125 1376 2169 retinuit
1394 2160 1408 2178 ‚
1445 2136 1491 2169 ut
1527 2121 1668 2168 saltem
1713 2121 1766 2168 ad

262 2201 403 2248 omnia
436 2210 631 2262 cogeret,
667 2211 758 2258 quae
803 2193 958 2241 violato
1008 2206 1130 2256 atque
1170 2190 1326 2238 offenso
1368 2189 1662 2246 collibuissent,
1696 2186 1763 2236 sed

263 2283 393 2333 quem
416 2269 460 2313 in
489 2268 571 2312 acie
599 2278 718 2326 atque
737 2264 779 2309 in
806 2278 945 2325 pugna
975 2261 1026 2308 ad
1047 2274 1226 2307 mortem
1254 2258 1521 2308 insectabatur
1537 2291 1552 2315 ,
1569 2258 1704 2306 abillo
1721 2259 1766 2305 in

262 2337 302 2384 id
313 2336 353 2383 se
369 2335 603 2400 praebente,
638 2347 782 2378 manus
812 2330 1005 2377 abstinuit
1025 2363 1040 2387 ,
1074 2326 1319 2392 hospesque,
1353 2340 1398 2373 ut
1432 2326 1603 2389 hospiti,
1629 2325 1766 2373 dexte-

264 2424 353 2454 ram
382 2404 552 2451 inimico
573 2401 774 2464 porrexit.
818 2400 997 2445 Tantam
1024 2414 1112 2444 non
1143 2396 1235 2443 dico
1270 2394 1397 2443 fidem
1415 2432 1428 2450 ‚
1463 2393 1531 2443 secl
1575 2395 1769 2443 excellen-

266 2477 367 2524 tiam
394 2472 582 2527 virtutis,
619 2468 697 2534 ipse
726 2485 823 2515 cum
846 2466 887 2513 se
911 2468 1101 2530 receperit
1133 2483 1155 2511 e
1180 2464 1358 2529 periculo
1403 2467 1629 2513 Succorum
1670 2467 1766 2511 Rex

267 2544 487 2593 admiratus
506 2573 522 2599 ,
558 2538 631 2588 etsi
659 2539 820 2597 vistor,
855 2544 899 2584 ὃ(
927 2534 1184 2594 fortunatus,
1220 2543 1264 2583 δέ
1291 2534 1482 2583 maximis
1511 2532 1629 2581 rebus
1645 2531 1766 2597 gestis

1625 2600 1766 2669 magni
