1987 3006
980 201 1120 259 (IX.)

305 273 355 320 ad
370 268 680 337 propulsandam
700 268 949 316 barbariem:
986 270 1048 313 Ea
1082 268 1328 314 libertatis&
1353 268 1490 332 glorice
1506 268 1648 332 cupida
1674 271 1735 332 jus
1753 271 1798 318 il-

304 341 405 398 lud,
440 338 553 404 quod
596 337 651 384 est
679 339 796 384 initio
823 336 1014 384 omnibus
1045 335 1224 383 inditum
1255 356 1277 383 a
1306 352 1448 383 natura
1484 336 1798 402 facultatemque

300 414 436 472 Reges
463 408 535 455 fibi
554 406 790 454 adsciscendi
820 405 986 453 retinuit
1003 442 1016 460 ,
1039 405 1114 451 illis
1135 406 1178 451 in
1205 399 1440 469 'aoeipiendo
1476 410 1630 471 Regno
1664 410 1789 455 veluti

301 495 409 524 nexu
453 476 644 541 obligatis
690 485 734 524 ὃ(
771 475 1053 538 recipientibus
1079 507 1094 531 ,
1130 491 1182 520 ne
1227 475 1324 537 quid
1357 490 1427 522 aut
1462 478 1596 539 gentis
1629 477 1791 540 Religio

298 560 370 594 aut
396 545 523 610 Resp.
550 561 619 593 aut
643 546 752 610 leges
770 545 1059 591 deminuantur
1077 581 1090 598 ‚
1126 545 1451 591 immutenturve
1467 583 1480 599 ,
1516 553 1559 591 &
1576 544 1795 592 detrimen-

299 631 392 663 tum
424 617 618 679 accipiant
638 649 649 661 .
690 619 886 678 Suprema
915 613 1029 676 Regi
1059 611 1244 673 juvandae
1262 615 1392 677 gentis
1406 612 1577 675 potestas
1598 649 1607 659 .
1646 616 1801 679 Digni-

299 698 399 731 tates
425 722 439 740 ‚
476 686 653 748 Imperia
673 717 687 741 ,
725 684 960 730 Provincias
988 689 1032 728 δε
1066 681 1331 744 Magistratus
1353 681 1615 728 distribuundi
1650 685 1799 747 impar-

297 752 427 799 tiundi
459 753 522 814 jus
553 760 598 799 δε
627 752 841 799 arbitrium
862 787 871 795 .
908 750 1067 815 Regale
1095 767 1252 796 nomen
1290 766 1332 797 ut
1366 749 1522 814 prorsus
1546 751 1698 799 invidia
1729 769 1801 799 va-

295 835 388 880 cet,
425 820 477 867 de
513 822 690 869 Civium
718 824 845 886 capite
873 839 917 867 ac
950 819 1000 867 de
1026 818 1204 867 fortunis
1236 819 1434 882 judicium
1450 819 1555 882 apud
1573 824 1796 867 Senatum.

297 891 482 940 Comitia
511 892 618 952 Regi
636 890 812 937 creando
829 904 1006 955 aguntur
1020 892 1063 936 in
1089 905 1238 952 campo
1255 922 1265 930 .
1303 889 1502 952 Equites,
1532 890 1602 951 qui
1619 890 1800 936 Poloniae

298 960 619 1023 quamplurimi,
652 962 696 1006 in
725 961 848 1006 armis
886 967 930 1006 ὅ(
960 960 1214 1006 centuriatim
1247 954 1434 1022 suffragia
1481 954 1647 1013 ferunt,
1682 958 1801 1005 Plebs

295 1028 411 1075 nullo
444 1030 487 1074 in
516 1045 692 1074 numero
728 1030 929 1085 liabetur,
964 1042 1106 1090 utpote
1142 1044 1233 1090 quce
1279 1024 1462 1075 universa
1506 1028 1681 1089 mancipi
1715 1026 1797 1072 est.

297 1095 518 1143 Candidati
562 1100 719 1160 Regno
760 1095 937 1160 petendo
977 1109 1065 1143 tota
1092 1113 1142 1143 ex
1183 1099 1345 1157 Europa
1393 1108 1674 1149 concurrunt,
1727 1097 1798 1158 qui

295 1166 423 1228 Stirpe
445 1198 457 1221 ,
505 1167 575 1228 qui
610 1166 787 1227 opibus,
823 1166 894 1227 qui
940 1164 1035 1210 belli
1083 1164 1212 1227 gloria
1248 1163 1428 1209 maxime
1459 1162 1631 1210 florent.
1669 1166 1798 1210 Erant

293 1246 385 1280 tum
415 1233 579 1296 plurimi
618 1241 662 1280 δε
700 1232 803 1296 apud
833 1234 923 1280 illos
956 1232 1119 1296 gratiosi
1146 1270 1160 1287 ‚
1196 1234 1377 1279 nominis
1412 1230 1552 1288 fama,
1589 1232 1798 1278 liberalita-

291 1317 362 1360 te,
397 1302 644 1365 imaginibus
663 1337 674 1348 .
713 1301 788 1348 Sed
813 1303 909 1350 vicit
939 1299 1119 1365 Augusti
1156 1302 1314 1358 virtus,
1352 1308 1627 1364 &pervagata
1645 1299 1696 1347 de
1713 1300 1797 1362 ejus

290 1371 334 1418 in
359 1372 532 1434 gratiam
556 1370 686 1418 reditu
713 1388 809 1418 cum
840 1370 1014 1417 Ecclefia
1042 1388 1128 1417 non
1145 1386 1290 1433 anceps
1321 1371 1435 1433 vulgi
1453 1369 1709 1426 rumoribus,
1729 1367 1796 1414 sed

289 1440 555 1502 comprobata
582 1439 830 1503 graviffimis
862 1438 1131 1497 testimoniis,
1167 1438 1235 1485 sed
1270 1452 1376 1485 certa
1405 1436 1541 1496 fama,
1577 1455 1666 1501 quae
1698 1454 1795 1484 cum

287 1507 337 1554 ad
367 1509 449 1568 ejus
487 1508 895 1555 commendationem
921 1508 1115 1565 accesfit,
1150 1506 1365 1554 consedere
1398 1507 1473 1553 illae
1505 1505 1674 1553 turbidae
1703 1507 1796 1552 Co«

288 1577 501 1623 mitiorum
537 1576 657 1623 undae
694 1585 737 1623 δε
781 1577 964 1640 procellae
983 1610 999 1634 ,
1033 1578 1231 1640 illumque
1267 1576 1317 1622 ad
1361 1579 1557 1639 Regnum
1601 1573 1797 1621 obsecun-

286 1644 427 1691 dantes
457 1644 635 1691 tulerunt
656 1680 665 1688 .
702 1649 752 1692 In
778 1646 986 1708 provincia
1033 1645 1230 1691 nimirum
1277 1642 1481 1702 finitima,
1533 1652 1577 1690 δέ
1614 1643 1714 1706 pene
1751 1644 1794 1687 in

288 1714 414 1759 oculis
450 1713 649 1760 universae
693 1713 900 1770 Poloniae,
940 1729 1055 1759 erant
1084 1713 1196 1777 quasi
1228 1712 1422 1760 divinitus
1439 1713 1490 1756 ad
1518 1712 1598 1756 hoc
1623 1709 1761 1772 positae
1779 1743 1794 1766 ,

285 1796 332 1826 ut
365 1779 662 1842 spectarentur,
698 1796 742 1826 ut
766 1780 824 1826 sui
871 1782 1075 1826 mirabiles
1122 1783 1342 1827 excitarent
1388 1796 1576 1836 amores,
1616 1778 1793 1840 Augusti

285 1847 456 1894 summae
487 1850 655 1895 virtutes
672 1879 687 1903 ,
720 1847 834 1894 facile
863 1865 908 1892 ac
930 1849 1031 1892 mite
1064 1849 1278 1908 ingenium
1299 1877 1314 1901 ,
1348 1848 1509 1890 animus
1527 1854 1570 1890 δε
1589 1845 1791 1908 benignus

285 1924 330 1961 &
357 1915 551 1972 liberalis,
588 1932 759 1961 morum
791 1915 986 1978 elegantia
1017 1922 1060 1960 ὃ(
1088 1913 1286 1968 suavitas,
1315 1913 1457 1974 regalis
1490 1920 1534 1956 &
1559 1911 1790 1975 sumptuosa

286 1981 618 2046 magnificentia,
654 1984 696 2028 iu
723 1999 820 2046 pace
855 1984 1048 2046 aequitas,
1086 1982 1129 2026 in
1152 1981 1324 2042 imperio
1355 1978 1547 2026 modestia
1566 2016 1579 2034 ,
1612 1981 1655 2026 in
1682 1981 1788 2027 bello

282 2054 367 2108 viS,
387 2059 430 2097 δε
450 2052 624 2097 alacritas
640 2082 654 2106 ,
668 2065 754 2097 erat
776 2059 820 2098 «Sc
835 2088 848 2105 ‚
865 2068 956 2114 quae
978 2048 1158 2096 multum
1175 2048 1282 2097 valet
1295 2045 1345 2093 ad
1366 2049 1641 2109 conjeosturam
1659 2050 1790 2097 virtu-

287 2122 336 2167 tis
354 2157 368 2175 ‚
402 2137 450 2166 ea
464 2119 609 2183 species
629 2120 709 2164 oris
728 2127 771 2164 ὅ(
803 2118 1006 2181 dignitas,
1024 2136 1068 2163 ea
1094 2119 1273 2180 corporis
1303 2125 1346 2163 &
1370 2116 1655 2163 membrorum
1673 2117 1789 2164 habi<

286 2189 375 2235 litas
406 2203 529 2250 atque
556 2187 708 2240 robur,
743 2200 790 2233 ut
821 2187 885 2234 vel
917 2204 967 2233 ex
996 2187 1059 2232 illa
1090 2187 1284 2248 primaeva
1301 2187 1486 2248 gentium
1507 2186 1686 2242 ratione,
1703 2187 1786 2249 qua

287 2258 335 2302 iis
354 2255 614 2319 potiffimum
626 2253 877 2301 deferebatur
893 2256 1109 2317 imperium
1125 2288 1139 2311 ,
1155 2256 1225 2318 qui
1241 2253 1375 2299 forma
1391 2252 1616 2316 praestantes
1631 2251 1754 2300 essent
1766 2286 1782 2307 ,

289 2332 334 2369 &
351 2325 505 2371 viribus
519 2324 703 2371 editiores
721 2360 736 2378 ,
753 2322 867 2369 facile
882 2321 1069 2370 salutatus
1083 2322 1175 2369 efl'et
1194 2325 1237 2368 in
1253 2325 1441 2385 Regem.
1463 2325 1560 2384 Spes
1575 2324 1616 2368 iu
1639 2325 1783 2384 Augu-

285 2391 346 2437 sto
361 2409 508 2455 magna
527 2401 570 2439 δε
587 2407 852 2439 momentum
869 2407 953 2439 erat
969 2393 1019 2439 ad
1048 2410 1134 2438 rem
1154 2391 1376 2457 gerendam
1394 2389 1585 2437 adversus
1600 2391 1752 2437 Turcas
1764 2421 1780 2442 ,

288 2460 438 2507 ducere
456 2462 498 2507 in
526 2479 632 2525 quos
659 2463 878 2508 exercitum
895 2494 910 2518 ,
929 2479 1033 2525 quos
1058 2460 1137 2525 ipse
1160 2477 1290 2508 manu
1313 2457 1540 2523 congrefl‘us
1571 2460 1613 2504 in
1638 2456 1782 2521 fugam

286 2543 439 2579 vertere
453 2537 496 2577 Sc
511 2530 723 2595 profligare
736 2531 818 2594 jam
834 2529 1073 2590 confiieffet,
1088 2529 1203 2596 quod
1217 2530 1271 2578 illi
1286 2544 1443 2578 tantam
1457 2525 1656 2575 finitimos
1673 2524 1777 2638 appd

1633 2598 1707 2640 Bar
1737 2609 1779 2638 a·
